
@article{strater_positionspapier_2019,
	title = {Positionspapier {Digitalisierung} der {Arbeitswelt}},
	volume = {73},
	issn = {0340-2444, 2366-4681},
	url = {http://link.springer.com/10.1007/s41449-019-00161-2},
	doi = {10.1007/s41449-019-00161-2},
	language = {de},
	number = {3},
	urldate = {2021-02-06},
	journal = {Z. Arb. Wiss.},
	author = {Sträter, Oliver and Bengler, Klaus},
	month = sep,
	year = {2019},
	pages = {243--245},
	annote = {"menschengerechte Arbeitsgestaltung"

Entlastund der Arbeitenden durch Roboter

proaktive Gestaltung von neuen Arbeitsplätzen und nicht zuerst die technische Machbarkeit},
	file = {Sträter und Bengler - 2019 - Positionspapier Digitalisierung der Arbeitswelt.pdf:/home/jo/Zotero/storage/AHTBBXJK/Sträter und Bengler - 2019 - Positionspapier Digitalisierung der Arbeitswelt.pdf:application/pdf},
}

@book{ieee_industrial_electronics_society_mfi_2003,
	address = {Piscataway, NJ},
	title = {{MFI} 2003: proceedings of {IEEE} {International} conference on multisensor fusion and integration for intelligent systems, {July} 30 - {August} 1, 2003, {National} {Center} of {Sciences}, {Tokyo}, {Japan}},
	isbn = {978-0-7803-7987-9},
	shorttitle = {{MFI} 2003},
	publisher = {IEEE},
	editor = {IEEE Industrial Electronics Society and IEEE Robotics {and} Automation Society and Keisoku Jidō Seigyo Gakkai (Japan)},
	year = {2003},
	note = {Meeting Name: IEEE International Conference on Multisensor Fusion and Integration for Intelligent Systems (2000- )},
	keywords = {Congresses, Intelligent control systems, Multisensor data fusion},
	annote = {
Human shape is one of the best shapes for robot remotely controlled.

 

five applications of humanoid robots, i.e. maintenance tasks of industrialplants, security services of home and office, human care, tele-operations of construction machines, andcooperative works in the open air

 
merits of human shaped robots

(1) The behaviors of the human shape robot produces emotional feelings useful for friendlycommunication between robot and human.(2) Human shape is one of the best shapes for robot remotely controlled.(3) There are many cases which need human shape devices to replace human worker with a robotand machines.
},
	file = {humanoid-robot-and-its-application-possibility.pdf:/home/jo/Zotero/storage/SNEHK3UK/humanoid-robot-and-its-application-possibility.pdf:application/pdf},
}
