
@article{strater_positionspapier_2019,
	title = {Positionspapier {Digitalisierung} der {Arbeitswelt}},
	volume = {73},
	issn = {0340-2444, 2366-4681},
	url = {http://link.springer.com/10.1007/s41449-019-00161-2},
	doi = {10.1007/s41449-019-00161-2},
	language = {de},
	number = {3},
	urldate = {2021-02-06},
	journal = {Zeitschrift für Arbeitswissenschaft},
	author = {Sträter, Oliver and Bengler, Klaus},
	month = sep,
	year = {2019},
	pages = {243--245},
	file = {Sträter und Bengler - 2019 - Positionspapier Digitalisierung der Arbeitswelt.pdf:/home/jo/Zotero/storage/AHTBBXJK/Sträter und Bengler - 2019 - Positionspapier Digitalisierung der Arbeitswelt.pdf:application/pdf},
}

@inproceedings{jiang_development_2017,
	address = {New York City, NY},
	title = {Development of a motion controlled robotic arm},
	isbn = {978-1-5386-1104-3},
	url = {http://ieeexplore.ieee.org/document/8248998/},
	doi = {10.1109/UEMCON.2017.8248998},
	abstract = {In this paper, an inexpensive, a lightweight and easily controlled robotic arm with human interface is developed. The developed robotic arm is fully functional and accurately reacts to the movements from the user. The human user wears 2 accelerometers on his/her arm. These accelerometers relay both position and speed vector information to the robotic arm. The user also wears a glove that controls the flex sensor which gives readings to the claw. The robotic arm is on a fully mobile base that moves the arm from location to location in any given room. The research methodology and design are introduced before the robot system is realized and tested. Finally, conclusions are given and future improvements are discussed.},
	language = {en},
	urldate = {2021-02-06},
	booktitle = {2017 {IEEE} 8th {Annual} {Ubiquitous} {Computing}, {Electronics} and {Mobile} {Communication} {Conference} ({UEMCON})},
	publisher = {IEEE},
	author = {Jiang, Jean and McCoy, Alex and Lee, Eric and Tan, Li},
	month = oct,
	year = {2017},
	pages = {101--105},
	file = {Jiang et al. - 2017 - Development of a motion controlled robotic arm.pdf:/home/jo/Zotero/storage/FBHMVCSX/Jiang et al. - 2017 - Development of a motion controlled robotic arm.pdf:application/pdf},
}

@incollection{setchi_implications_2016,
	address = {Cham},
	title = {Implications of {Open} {Source} {Design} for {Sustainability}},
	volume = {52},
	isbn = {978-3-319-32096-0 978-3-319-32098-4},
	url = {http://link.springer.com/10.1007/978-3-319-32098-4_5},
	abstract = {In order to cope with the challenges of sustainability, systematic methods have been developed for improving the ratio between usefulness and environmental impact of products. These necessary efforts are however constrained if the surrounding business model patterns are not challenged at the same time. In this article, open source design (OSD) is presented as a potential concept leading towards alternative and eco-efﬁcient production and consumption patterns. Potential advantages of OSD for environmental sustainability are hypothesized and confronted with the analysis of the environmental friendliness of four open source products. Two synergies between sustainable design and OSD are identiﬁed (product modularity and design for local manufacturing) as well as corresponding challenges for further research.},
	language = {en},
	urldate = {2021-02-06},
	booktitle = {Sustainable {Design} and {Manufacturing} 2016},
	publisher = {Springer International Publishing},
	author = {Bonvoisin, Jérémy},
	editor = {Setchi, Rossi and Howlett, Robert J. and Liu, Ying and Theobald, Peter},
	year = {2016},
	doi = {10.1007/978-3-319-32098-4_5},
	note = {Series Title: Smart Innovation, Systems and Technologies},
	pages = {49--59},
	file = {Bonvoisin - 2016 - Implications of Open Source Design for Sustainabil.pdf:/home/jo/Zotero/storage/9Y2KZL3D/Bonvoisin - 2016 - Implications of Open Source Design for Sustainabil.pdf:application/pdf},
}

@book{quaschning_regenerative_2019,
	title = {Regenerative {Energiesysteme} {Technologie} - {Berechnung} - {Klimaschutz}},
	isbn = {978-3-446-46113-0},
	language = {de},
	author = {Quaschning, Volker},
	year = {2019},
	note = {OCLC: 1099689207},
	file = {Quaschning - 2019 - Regenerative Energiesysteme Technologie - Berechnu.pdf:/home/jo/Zotero/storage/JZSG6994/Quaschning - 2019 - Regenerative Energiesysteme Technologie - Berechnu.pdf:application/pdf},
}

@book{tanie_mfi_2003,
	address = {Piscataway, NJ},
	title = {{MFI} 2003: proceedings of {IEEE} {International} conference on multisensor fusion and integration for intelligent systems, {July} 30 - {August} 1, 2003, {National} {Center} of {Sciences}, {Tokyo}, {Japan}},
	isbn = {978-0-7803-7987-9},
	shorttitle = {{MFI} 2003},
	publisher = {IEEE},
	editor = {Tanie, Kazuo and IEEE Robotics {and} Automation Society and Keisoku Jidō Seigyo Gakkai (Japan)},
	year = {2003},
	note = {Meeting Name: IEEE International Conference on Multisensor Fusion and Integration for Intelligent Systems (2000- )},
	keywords = {Congresses, Intelligent control systems, Multisensor data fusion},
	file = {Tanie et al. - 2003 - MFI 2003 proceedings of IEEE International confer.pdf:/home/jo/Zotero/storage/SNEHK3UK/Tanie et al. - 2003 - MFI 2003 proceedings of IEEE International confer.pdf:application/pdf},
}

@inproceedings{fritsche_first-person_2015,
	address = {Seoul, South Korea},
	title = {First-person tele-operation of a humanoid robot},
	isbn = {978-1-4799-6885-5},
	url = {http://ieeexplore.ieee.org/document/7363475/},
	doi = {10.1109/HUMANOIDS.2015.7363475},
	language = {en},
	urldate = {2021-07-06},
	booktitle = {2015 {IEEE}-{RAS} 15th {International} {Conference} on {Humanoid} {Robots} ({Humanoids})},
	publisher = {IEEE},
	author = {Fritsche, Lars and Unverzag, Felix and Peters, Jan and Calandra, Roberto},
	month = nov,
	year = {2015},
	pages = {997--1002},
	file = {Fritsche et al. - 2015 - First-person tele-operation of a humanoid robot.pdf:/home/jo/Zotero/storage/DBLTACWB/Fritsche et al. - 2015 - First-person tele-operation of a humanoid robot.pdf:application/pdf},
}

@article{brogardh_present_2007,
	title = {Present and future robot control development—{An} industrial perspective},
	volume = {31},
	issn = {13675788},
	url = {https://linkinghub.elsevier.com/retrieve/pii/S1367578807000077},
	doi = {10.1016/j.arcontrol.2007.01.002},
	abstract = {Robot control is a key competence for robot manufacturers and a lot of development is made to increase robot performance, reduce robot cost and introduce new functionalities. Examples of development areas that get big attention today are multi robot control, safe control, force control, 3D vision, remote robot supervision and wireless communication. The application beneﬁts from these developments are discussed as well as the technical challenges that the robot manufacturers meet. Model-based control is now a key technology for the control of industrial robots and models and control schemes are continuously reﬁned to meet the requirements on higher performance even when the cost pressure leads to the design of robot mechanics that is more difﬁcult to control. Driving forces for the future development of robots can be found in, for example, new robot applications in the automotive industry, especially for the ﬁnal assembly, in small and medium size enterprises, in foundries, in food industry and in the processing and assembly of large structures. Some scenarios on future robot control development are proposed. One scenario is that lightweight robot concepts could have an impact on future car manufacturing and on future automation of small and medium size enterprises (SMEs). Such a development could result in modular robots and in control schemes using sensors in the robot arm structure, sensors that could also be used for the implementation of redundant safe control. Introducing highly modular robots will increase the need of robot installation support, making Plug and Play functionality even more important. One possibility to obtain a highly modular robot program could be to use a recently developed new type of parallel kinematic robot structure with large work space in relation to the robot foot print. For further efﬁcient use of robots, the scenario of adaptive robot performance is introduced. This means that the robot control is optimised with respect to the thermal and fatigue load on the robot for the speciﬁc program that the robot performs. The main conclusion of the presentation is that industrial robot development is far away from its limits and that a lot of research and development is needed to obtain a more widely use of robot automation in industry.},
	language = {en},
	number = {1},
	urldate = {2021-07-17},
	journal = {Annual Reviews in Control},
	author = {Brogårdh, Torgny},
	year = {2007},
	pages = {69--79},
	file = {Brogårdh - 2007 - Present and future robot control development—An in.pdf:/home/jo/Zotero/storage/LJE6P2T7/Brogårdh - 2007 - Present and future robot control development—An in.pdf:application/pdf},
}

@article{masson-delmotte_ipcc_2019,
	title = {An {IPCC} {Special} {Report} on the impacts of global warming of 1.5°{C} above pre-industrial levels and related global greenhouse gas emission pathways, in the context of strengthening the global response to the threat of climate change, sustainable development, and efforts to eradicate poverty},
	language = {en},
	author = {Masson-Delmotte, Valérie and Pörtner, Hans-Otto and Skea, Jim and Zhai, Panmao and Roberts, Debra and Shukla, Priyadarshi R and Pirani, Anna and Pidcock, Roz and Chen, Yang and Lonnoy, Elisabeth and Moufouma-Okia, Wilfran and Péan, Clotilde and Connors, Sarah and Matthews, J B Robin and Zhou, Xiao and Gomis, Melissa I and Maycock, Tom and Tignor, Melinda and Waterfield, Tim},
	year = {2019},
	pages = {630},
	file = {Masson-Delmotte et al. - An IPCC Special Report on the impacts of global wa.pdf:/home/jo/Zotero/storage/N9BP8Y3T/Masson-Delmotte et al. - An IPCC Special Report on the impacts of global wa.pdf:application/pdf},
}

@article{poore_reducing_2018,
	title = {Reducing food’s environmental impacts through producers and consumers},
	volume = {360},
	issn = {0036-8075, 1095-9203},
	url = {https://www.science.org/doi/10.1126/science.aaq0216},
	doi = {10.1126/science.aaq0216},
	language = {en},
	number = {6392},
	urldate = {2021-11-08},
	journal = {Science},
	author = {Poore, J. and Nemecek, T.},
	month = jun,
	year = {2018},
	pages = {987--992},
	file = {Poore und Nemecek - 2018 - Reducing food’s environmental impacts through prod.pdf:/home/jo/Zotero/storage/TE3N4VC8/Poore und Nemecek - 2018 - Reducing food’s environmental impacts through prod.pdf:application/pdf},
}

@article{schroder_extensive_2020,
	title = {{EXTENSIVE} {DACHBEGRÜNUNG} {MIT} {GEBIETSEIGENEN} {WILDPFLANZEN} {AM} {BEISPIEL} {NORDWESTDEUTSCHLANDS}},
	language = {de},
	author = {Schröder, Roland and Jeschke, Daniel and Walker, Ralf and Kiehl, Kathrin},
	year = {2020},
	pages = {68},
	file = {Schröder et al. - EXTENSIVE DACHBEGRÜNUNG MIT GEBIETSEIGENEN WILDPFL.pdf:/home/jo/Zotero/storage/8S27A5ZT/Schröder et al. - EXTENSIVE DACHBEGRÜNUNG MIT GEBIETSEIGENEN WILDPFL.pdf:application/pdf},
}

@article{wahnbaeck_nature-based_2021,
	address = {Hamburg},
	chapter = {Wissen},
	title = {"{Nature}-based {Solutions}" : {Wald} anpflanzen, aber richtig},
	issn = {0044-2070},
	shorttitle = {"{Nature}-based {Solutions}"},
	url = {https://www.zeit.de/2021/47/nature-based-solution-klimawandel-gruenflaechen-waelder-klimakonferenz},
	abstract = {Grüne Dächer, geschützte Moore und neue Waldgebiete gelten als Wunderwaffe gegen den Klimawandel. Dabei wirken sie längst nicht immer so gut wie versprochen.},
	language = {de-DE},
	urldate = {2021-11-26},
	journal = {Die Zeit},
	author = {Wahnbaeck, Carolin},
	month = nov,
	year = {2021},
	keywords = {Klimaschutz, Aufforstung, CO2, DDR, Forschung, Glasgow, Klimakonferenz, Leipzig-Grünau, Ökologie, UN-Klimagipfel},
	file = {Snapshot:/home/jo/Zotero/storage/9DG9WDGX/komplettansicht.html:text/html},
}

@misc{bundesministerium_fur_wirtschaftliche_zusammenarbeit_und_entwicklung_naturbasierte_2021,
	title = {Naturbasierte {Lösungen} - {Synergien} von {Klimaschutz} und -anpassung, {Biodiversitätserhalt} und nachhaltiger {Entwicklung} nutzen},
	url = {https://www.bmz.de/resource/blob/98450/6440099c12e334fb17bbe9afeec2bc89/factsheet-naturbasierte-loesungen.pdf},
	urldate = {2021-12-02},
	author = {Bundesministerium für wirtschaftliche Zusammenarbeit und Entwicklung},
	year = {2021},
	file = {factsheet-naturbasierte-loesungen.pdf:/home/jo/Zotero/storage/XDVQ8HAN/factsheet-naturbasierte-loesungen.pdf:application/pdf},
}

@article{hietel_extensive_2016,
	title = {Extensive {Dachbegrünungen} im urbanen {Raum}},
	language = {de},
	author = {Hietel, Elke and Panferov, Oleg and Rößner, Ute},
	year = {2016},
	pages = {6},
	file = {Gara - Extensive Dachbegrünungen im urbanen Raum.pdf:/home/jo/Zotero/storage/56MN28FP/Gara - Extensive Dachbegrünungen im urbanen Raum.pdf:application/pdf},
}

@article{nill_vorschlag_2021,
	title = {Ein {Vorschlag} für sozial abgefederte {Kohlenstoffpreise}},
	volume = {36},
	issn = {1430-8800},
	url = {http://oekologisches-wirtschaften.de/index.php/oew/article/view/1845},
	doi = {10.14512/OEW360408},
	abstract = {Die Rolle der CO2-Bepreisung im Gebäude- und Verkehrssektor in Deutschland haben Lerch und Rudolph in Ökologisches Wirtschaften 3/21 analysiert. In ihrem Beitrag befürworten sie einenEU‑Emissionshandel für eine effizientere Klimapolitik mit sozialem Ausgleich. Sie befürchteten aber, dass diese Chance nicht konsequent genutzt würde. Auf Grundlage des aktuellen Kommissionsvorschlags können neue Ansatzpunkte für den Emissionshandel entwickelt werden.},
	language = {de},
	number = {4},
	urldate = {2021-12-03},
	journal = {Ökologisches Wirtschaften - Fachzeitschrift},
	author = {Nill, Jan},
	month = nov,
	year = {2021},
	pages = {8},
	file = {Nill - 2021 - Ein Vorschlag für sozial abgefederte Kohlenstoffpr.pdf:/home/jo/Zotero/storage/QD9CWENA/Nill - 2021 - Ein Vorschlag für sozial abgefederte Kohlenstoffpr.pdf:application/pdf},
}

@techreport{ipcc_climate_2021,
	title = {Climate {Change} 2021: {The} {Physical} {Science} {Basis}. {Contribution} of {Working} {Group} {I} to the {Sixth}  {Assessment} {Report} of the {Intergovernmental} {Panel} on {Climate} {Change}},
	url = {https://www.ipcc.ch/report/ar6/wg1/downloads/report/IPCC_AR6_WGI_Full_Report.pdf},
	urldate = {2022-01-07},
	author = {IPCC},
	editor = {{Cambridge University Press. In} and {Press.}},
	collaborator = {{Masson-Delmotte, V., P. Zhai, A. Pirani, S.L.} and {Connors, C. Péan, S. Berger, N. Caud, Y. Chen, L. Goldfarb, M.I. Gomis, M. Huang, K. Leitzell, E. Lonnoy, J.B.R.} and {Matthews, T.K. Maycock, T. Waterfield, O. Yelekçi, R. Yu, and B. Zhou (eds.)}},
	year = {2021},
	file = {IPCC - 2021 - Climate Change 2021 The Physical Science Basis. C.pdf:/home/jo/Zotero/storage/633YBV8N/IPCC - 2021 - Climate Change 2021 The Physical Science Basis. C.pdf:application/pdf},
}

@article{ritchie_co2_2020,
	title = {{CO2} and {Greenhouse} {Gas} {Emissions}},
	url = {https://ourworldindata.org/emissions-by-sector},
	abstract = {How much of CO2 emissions come from electricity, transport, or land use? What activities do our greenhouse gases comes from?},
	urldate = {2022-01-07},
	journal = {Our World in Data},
	author = {Ritchie, Hannah and Roser, Max},
	month = may,
	year = {2020},
	file = {Snapshot:/home/jo/Zotero/storage/X32BDBSW/emissions-by-sector.html:text/html},
}

@book{ehlers_echtzeitfahige_2019,
	address = {Wiesbaden},
	title = {Echtzeitfähige {3D} {Posenbestimmung} des {Menschen} in der {Robotik}: {Methoden} und {Anwendungen}},
	isbn = {978-3-658-24821-5 978-3-658-24822-2},
	shorttitle = {Echtzeitfähige {3D} {Posenbestimmung} des {Menschen} in der {Robotik}},
	url = {http://link.springer.com/10.1007/978-3-658-24822-2},
	language = {de},
	urldate = {2022-01-12},
	publisher = {Springer Fachmedien Wiesbaden},
	author = {Ehlers, Kristian},
	year = {2019},
	doi = {10.1007/978-3-658-24822-2},
	file = {Ehlers - 2019 - Echtzeitfähige 3D Posenbestimmung des Menschen in .pdf:/home/jo/Zotero/storage/BDTJL2AG/Ehlers - 2019 - Echtzeitfähige 3D Posenbestimmung des Menschen in .pdf:application/pdf},
}

@book{siciliano_springer_2008,
	address = {Berlin},
	title = {Springer handbook of robotics},
	isbn = {978-3-540-23957-4},
	language = {en},
	publisher = {Springer},
	editor = {Siciliano, Bruno and Khatib, Oussama},
	year = {2008},
	note = {OCLC: ocn153562054},
	keywords = {Handbooks, manuals, etc, Robotics},
	file = {Siciliano und Khatib - 2008 - Springer handbook of robotics.pdf:/home/jo/Zotero/storage/QY7AF693/Siciliano und Khatib - 2008 - Springer handbook of robotics.pdf:application/pdf},
}

@article{goertz_master-slave_1949,
	title = {Master-slave {Manipulator}},
	language = {en},
	author = {Goertz, R C},
	year = {1949},
	pages = {16},
	file = {Goertz - Master-slave Manipulator.pdf:/home/jo/Zotero/storage/VUKDG8KU/Goertz - Master-slave Manipulator.pdf:application/pdf},
}

@book{mareczek_grundlagen_2020,
	address = {Berlin, Heidelberg},
	title = {Grundlagen der {Roboter}-{Manipulatoren} – {Band} 1: {Modellbildung} von {Kinematik} und {Dynamik}},
	isbn = {978-3-662-52758-0 978-3-662-52759-7},
	shorttitle = {Grundlagen der {Roboter}-{Manipulatoren} – {Band} 1},
	url = {http://link.springer.com/10.1007/978-3-662-52759-7},
	language = {de},
	urldate = {2022-01-18},
	publisher = {Springer Berlin Heidelberg},
	author = {Mareczek, Jörg},
	year = {2020},
	doi = {10.1007/978-3-662-52759-7},
	file = {Mareczek - 2020 - Grundlagen der Roboter-Manipulatoren – Band 1 Mod.pdf:/home/jo/Zotero/storage/XKZDGMNE/Mareczek - 2020 - Grundlagen der Roboter-Manipulatoren – Band 1 Mod.pdf:application/pdf},
}

@article{blackler_towards_2007,
	title = {Towards a unified view of intuitive interaction: definitions, models and tools across the world},
	issn = {1439-7854},
	number = {13},
	author = {Blackler, Alethea and Hurtienne, Jörn},
	year = {2007},
	pages = {36--54},
	file = {Blackler und Hurtienne - 2007 - Towards a unified view of intuitive interaction d.pdf:/home/jo/Zotero/storage/D3H3Y29B/Blackler und Hurtienne - 2007 - Towards a unified view of intuitive interaction d.pdf:application/pdf},
}

@article{stanczyk_development_2006,
	title = {Development and {Control} of an {Anthropomorphic} {Telerobotic} {System}},
	language = {en},
	author = {Stanczyk, Bartlomiej},
	year = {2006},
	pages = {129},
	file = {Stanczyk - Development and Control of an Anthropomorphic Tele.pdf:/home/jo/Zotero/storage/WKAPVAI5/Stanczyk - Development and Control of an Anthropomorphic Tele.pdf:application/pdf},
}

@article{smith_dual_2012,
	title = {Dual arm manipulation—{A} survey},
	volume = {60},
	issn = {09218890},
	url = {https://linkinghub.elsevier.com/retrieve/pii/S092188901200108X},
	doi = {10.1016/j.robot.2012.07.005},
	abstract = {Recent advances in both anthropomorphic robots and bimanual industrial manipulators had led to an increased interest in the specific problems pertaining to dual arm manipulation. For the future, we foresee robots performing human-like tasks in both domestic and industrial settings. It is therefore natural to study specifics of dual arm manipulation in humans and methods for using the resulting knowledge in robot control. The related scientific problems range from low-level control to high level task planning and execution. This review aims to summarize the current state of the art from the heterogenous range of fields that study the different aspects of these problems specifically in dual arm manipulation.},
	language = {en},
	number = {10},
	urldate = {2022-03-23},
	journal = {Robotics and Autonomous Systems},
	author = {Smith, Christian and Karayiannidis, Yiannis and Nalpantidis, Lazaros and Gratal, Xavi and Qi, Peng and Dimarogonas, Dimos V. and Kragic, Danica},
	month = oct,
	year = {2012},
	pages = {1340--1353},
	file = {Smith et al. - 2012 - Dual arm manipulation—A survey.pdf:/home/jo/Zotero/storage/CHYU7MDN/Smith et al. - 2012 - Dual arm manipulation—A survey.pdf:application/pdf},
}
