
@book{quaschning_regenerative_2019,
	title = {Regenerative {Energiesysteme} {Technologie} - {Berechnung} - {Klimaschutz}},
	isbn = {978-3-446-46113-0},
	language = {de},
	author = {Quaschning, Volker},
	year = {2019},
	note = {OCLC: 1099689207},
	file = {Quaschning - 2019 - Regenerative Energiesysteme Technologie - Berechnu.pdf:/home/jo/Zotero/storage/JZSG6994/Quaschning - 2019 - Regenerative Energiesysteme Technologie - Berechnu.pdf:application/pdf},
}

@inproceedings{jiang_development_2017,
	address = {New York City, NY},
	title = {Development of a motion controlled robotic arm},
	isbn = {978-1-5386-1104-3},
	url = {http://ieeexplore.ieee.org/document/8248998/},
	doi = {10.1109/UEMCON.2017.8248998},
	abstract = {In this paper, an inexpensive, a lightweight and easily controlled robotic arm with human interface is developed. The developed robotic arm is fully functional and accurately reacts to the movements from the user. The human user wears 2 accelerometers on his/her arm. These accelerometers relay both position and speed vector information to the robotic arm. The user also wears a glove that controls the flex sensor which gives readings to the claw. The robotic arm is on a fully mobile base that moves the arm from location to location in any given room. The research methodology and design are introduced before the robot system is realized and tested. Finally, conclusions are given and future improvements are discussed.},
	language = {en},
	urldate = {2021-02-06},
	booktitle = {2017 {IEEE} 8th {Annual} {Ubiquitous} {Computing}, {Electronics} and {Mobile} {Communication} {Conference} ({UEMCON})},
	publisher = {IEEE},
	author = {Jiang, Jean and McCoy, Alex and Lee, Eric and Tan, Li},
	month = oct,
	year = {2017},
	pages = {101--105},
	file = {Jiang et al. - 2017 - Development of a motion controlled robotic arm.pdf:/home/jo/Zotero/storage/FBHMVCSX/Jiang et al. - 2017 - Development of a motion controlled robotic arm.pdf:application/pdf},
}

@article{poore_reducing_2018,
	title = {Reducing food’s environmental impacts through producers and consumers},
	volume = {360},
	issn = {0036-8075, 1095-9203},
	url = {https://www.science.org/doi/10.1126/science.aaq0216},
	doi = {10.1126/science.aaq0216},
	language = {en},
	number = {6392},
	urldate = {2021-11-08},
	journal = {Science},
	author = {Poore, J. and Nemecek, T.},
	month = jun,
	year = {2018},
	pages = {987--992},
	file = {Poore und Nemecek - 2018 - Reducing food’s environmental impacts through prod.pdf:/home/jo/Zotero/storage/TE3N4VC8/Poore und Nemecek - 2018 - Reducing food’s environmental impacts through prod.pdf:application/pdf},
}

@article{masson-delmotte_ipcc_2019,
	title = {An {IPCC} {Special} {Report} on the impacts of global warming of 1.5°{C} above pre-industrial levels and related global greenhouse gas emission pathways, in the context of strengthening the global response to the threat of climate change, sustainable development, and efforts to eradicate poverty},
	language = {en},
	author = {Masson-Delmotte, Valérie and Pörtner, Hans-Otto and Skea, Jim and Zhai, Panmao and Roberts, Debra and Shukla, Priyadarshi R and Pirani, Anna and Pidcock, Roz and Chen, Yang and Lonnoy, Elisabeth and Moufouma-Okia, Wilfran and Péan, Clotilde and Connors, Sarah and Matthews, J B Robin and Zhou, Xiao and Gomis, Melissa I and Maycock, Tom and Tignor, Melinda and Waterfield, Tim},
	year = {2019},
	pages = {630},
	file = {Masson-Delmotte et al. - An IPCC Special Report on the impacts of global wa.pdf:/home/jo/Zotero/storage/N9BP8Y3T/Masson-Delmotte et al. - An IPCC Special Report on the impacts of global wa.pdf:application/pdf},
}

@article{wahnbaeck_nature-based_2021,
	address = {Hamburg},
	chapter = {Wissen},
	title = {"{Nature}-based {Solutions}" : {Wald} anpflanzen, aber richtig},
	issn = {0044-2070},
	shorttitle = {"{Nature}-based {Solutions}"},
	url = {https://www.zeit.de/2021/47/nature-based-solution-klimawandel-gruenflaechen-waelder-klimakonferenz},
	abstract = {Grüne Dächer, geschützte Moore und neue Waldgebiete gelten als Wunderwaffe gegen den Klimawandel. Dabei wirken sie längst nicht immer so gut wie versprochen.},
	language = {de-DE},
	urldate = {2021-11-26},
	journal = {Die Zeit},
	author = {Wahnbaeck, Carolin},
	month = nov,
	year = {2021},
	keywords = {Klimaschutz, Aufforstung, CO2, DDR, Forschung, Glasgow, Klimakonferenz, Leipzig-Grünau, Ökologie, UN-Klimagipfel},
	file = {Snapshot:/home/jo/Zotero/storage/9DG9WDGX/komplettansicht.html:text/html},
}

@article{schroder_extensive_2020,
	title = {{EXTENSIVE} {DACHBEGRÜNUNG} {MIT} {GEBIETSEIGENEN} {WILDPFLANZEN} {AM} {BEISPIEL} {NORDWESTDEUTSCHLANDS}},
	language = {de},
	author = {Schröder, Roland and Jeschke, Daniel and Walker, Ralf and Kiehl, Kathrin},
	year = {2020},
	pages = {68},
	file = {Schröder et al. - EXTENSIVE DACHBEGRÜNUNG MIT GEBIETSEIGENEN WILDPFL.pdf:/home/jo/Zotero/storage/8S27A5ZT/Schröder et al. - EXTENSIVE DACHBEGRÜNUNG MIT GEBIETSEIGENEN WILDPFL.pdf:application/pdf},
}

@misc{bundesministerium_fur_wirtschaftliche_zusammenarbeit_und_entwicklung_naturbasierte_2021,
	title = {Naturbasierte {Lösungen} - {Synergien} von {Klimaschutz} und -anpassung, {Biodiversitätserhalt} und nachhaltiger {Entwicklung} nutzen},
	url = {https://www.bmz.de/resource/blob/98450/6440099c12e334fb17bbe9afeec2bc89/factsheet-naturbasierte-loesungen.pdf},
	urldate = {2021-12-02},
	author = {Bundesministerium für wirtschaftliche Zusammenarbeit und Entwicklung},
	year = {2021},
	file = {factsheet-naturbasierte-loesungen.pdf:/home/jo/Zotero/storage/XDVQ8HAN/factsheet-naturbasierte-loesungen.pdf:application/pdf},
}

@article{hietel_extensive_2016,
	title = {Extensive {Dachbegrünungen} im urbanen {Raum}},
	language = {de},
	author = {Hietel, Elke and Panferov, Oleg and Rößner, Ute},
	year = {2016},
	pages = {6},
	file = {Gara - Extensive Dachbegrünungen im urbanen Raum.pdf:/home/jo/Zotero/storage/56MN28FP/Gara - Extensive Dachbegrünungen im urbanen Raum.pdf:application/pdf},
}

@article{nill_vorschlag_2021,
	title = {Ein {Vorschlag} für sozial abgefederte {Kohlenstoffpreise}},
	volume = {36},
	issn = {1430-8800},
	url = {http://oekologisches-wirtschaften.de/index.php/oew/article/view/1845},
	doi = {10.14512/OEW360408},
	abstract = {Die Rolle der CO2-Bepreisung im Gebäude- und Verkehrssektor in Deutschland haben Lerch und Rudolph in Ökologisches Wirtschaften 3/21 analysiert. In ihrem Beitrag befürworten sie einenEU‑Emissionshandel für eine effizientere Klimapolitik mit sozialem Ausgleich. Sie befürchteten aber, dass diese Chance nicht konsequent genutzt würde. Auf Grundlage des aktuellen Kommissionsvorschlags können neue Ansatzpunkte für den Emissionshandel entwickelt werden.},
	language = {de},
	number = {4},
	urldate = {2021-12-03},
	journal = {Ökologisches Wirtschaften - Fachzeitschrift},
	author = {Nill, Jan},
	month = nov,
	year = {2021},
	pages = {8},
	file = {Nill - 2021 - Ein Vorschlag für sozial abgefederte Kohlenstoffpr.pdf:/home/jo/Zotero/storage/QD9CWENA/Nill - 2021 - Ein Vorschlag für sozial abgefederte Kohlenstoffpr.pdf:application/pdf},
}

@patent{noauthor_notitle_nodate,
}

@article{ritchie_co_2020,
	title = {{CO}₂ and {Greenhouse} {Gas} {Emissions}},
	url = {https://ourworldindata.org/emissions-by-sector},
	abstract = {How much of CO2 emissions come from electricity, transport, or land use? What activities do our greenhouse gases comes from?},
	urldate = {2022-01-07},
	journal = {Our World in Data},
	author = {Ritchie, Hannah and Roser, Max},
	month = may,
	year = {2020},
	file = {Snapshot:/home/jo/Zotero/storage/X32BDBSW/emissions-by-sector.html:text/html},
}

@techreport{ipcc_climate_2021,
	title = {Climate {Change} 2021: {The} {Physical} {Science} {Basis}. {Contribution} of {Working} {Group} {I} to the {Sixth}  {Assessment} {Report} of the {Intergovernmental} {Panel} on {Climate} {Change}},
	url = {https://www.ipcc.ch/report/ar6/wg1/downloads/report/IPCC_AR6_WGI_Full_Report.pdf},
	urldate = {2022-01-07},
	author = {IPCC},
	editor = {{Cambridge University Press. In} and {Press.}},
	collaborator = {{Masson-Delmotte, V., P. Zhai, A. Pirani, S.L.} and {Connors, C. Péan, S. Berger, N. Caud, Y. Chen, L. Goldfarb, M.I. Gomis, M. Huang, K. Leitzell, E. Lonnoy, J.B.R.} and {Matthews, T.K. Maycock, T. Waterfield, O. Yelekçi, R. Yu, and B. Zhou (eds.)}},
	year = {2021},
	file = {IPCC - 2021 - Climate Change 2021 The Physical Science Basis. C.pdf:/home/jo/Zotero/storage/633YBV8N/IPCC - 2021 - Climate Change 2021 The Physical Science Basis. C.pdf:application/pdf},
}
